@misc{smartphone,
author = {eMarketer},
title = {Smartphone Users Worldwide Will Total 1.75 Billion in 2014 - http://www.emarketer.com/Article/Smartphone-Users-Worldwide-Will-Total-175-Billion-
2014/1010536},
year = {2014},
url = {http://www.emarketer.com/Article/Smartphone-Users-Worldwide-Will-Total-175-Billion-
2014/1010536},
urldate = {28 Janeiro 2015}

}

@misc{press,
author = {Press Releases},
title = {2014 Digital Wallet Usage Study - http://www.thriveanalytics.com/
Press\%20Release-2014\%20Digital\%20Wallet\%20Usage\%20Study.html},
year = {2014},
url = {http://www.thriveanalytics.com/
Press%20Release-2014%20Digital%20Wallet%20Usage%20Study.html},
urldate = {28 Janeiro 2015},
}